<?xml version="1.0" encoding="UTF-8"?><collection xmlns="http://www.loc.gov/MARC21/slim"><record><leader>00442nam--2200169-u-4500</leader><controlfield tag="001">000050647</controlfield><controlfield tag="002">20161230</controlfield><controlfield tag="005">20161230201048</controlfield><controlfield tag="008">080227s1000------------r-----000-0-eng-d</controlfield><datafield ind1=" " ind2=" " tag="040"><subfield code="a">IFIN-HH</subfield></datafield><datafield ind1="1" ind2=" " tag="100"><subfield code="a">Messer,Joachim</subfield></datafield><datafield ind1="1" ind2="0" tag="245"><subfield code="a">Statistical Mechanics of Inhomogeneous Systems</subfield><subfield code="c">Joachim Messer</subfield></datafield><datafield ind1=" " ind2=" " tag="260"><subfield code="a">Munchen</subfield><subfield code="c">1983</subfield></datafield><datafield ind1=" " ind2=" " tag="300"><subfield code="a">134 p</subfield></datafield><datafield ind1=" " ind2="4" tag="650"><subfield code="a">Statistical Mechanics</subfield></datafield><datafield ind1=" " ind2=" " tag="852"><subfield code="a">81921</subfield><subfield code="c">530.161</subfield></datafield><datafield ind1=" " ind2=" " tag="CAT"><subfield code="a">Sys</subfield><subfield code="c">20110405</subfield><subfield code="h">101852</subfield></datafield></record></collection>